%% Created using Papers on Tue, 13 Aug 2013.
%% http://papersapp.com/papers/

@article{Ricart:2005hv,
author = {Ricart, Antoni and Maristany, Jaume and Fort, N{\'u}ria and Leal, Conxita and Pag{\'e}s, Teresa and Viscor, Gin{\'e}s},
title = {{Effects of sildenafil on the human response to acute hypoxia and exercise.}},
journal = {High Altitude Medicine {\&} Biology},
year = {2005},
volume = {6},
number = {1},
pages = {43--49}
}

@article{Cornolo:2004hn,
author = {Cornolo, J{\'e}r{\'e}my and Mollard, Pascal and Brugniaux, Julien V and Robach, Paul and Richalet, Jean-Paul},
title = {{Autonomic control of the cardiovascular system during acclimatization to high altitude: effects of sildenafil.}},
journal = {J. Appl. Physiol.},
year = {2004},
volume = {97},
number = {3},
pages = {935--940},
month = sep
}

@article{Maggiorini:2006kz,
author = {Maggiorini, Marco and Brunner-La Rocca, Hans-Peter and Peth, Simon and Fischler, Manuel and B{\"o}hm, Thomas and Bernheim, Alain and Kiencke, Stefanie and Bloch, Konrad E and Dehnert, Christoph and Naeije, Robert and Lehmann, Thomas and B{\"a}rtsch, Peter and Mairb{\"a}url, Heimo},
title = {{Both tadalafil and dexamethasone may reduce the incidence of high-altitude pulmonary edema: a randomized trial.}},
journal = {Ann. Intern. Med.},
year = {2006},
volume = {145},
number = {7},
pages = {497--506},
month = oct,
annote = {Prevention in *HAPE-suscpetible* individuals
4500m.

Analysis did not use intention to treat.

}
}

@article{Maggiorini:2010gx,
author = {Maggiorini, Marco},
title = {{Prevention and treatment of high-altitude pulmonary edema.}},
journal = {Prog Cardiovasc Dis},
year = {2010},
volume = {52},
number = {6},
pages = {500--506},
month = may,
annote = {Relatively recent review.}
}

@article{Sophocles:1986tm,
author = {Sophocles, A M},
title = {{High-altitude pulmonary edema in Vail, Colorado, 1975-1982.}},
journal = {West. J. Med.},
year = {1986},
volume = {144},
number = {5},
pages = {569--573},
month = may,
annote = {Provides incidence of HAPE at High altitude.}
}

@incollection{Lobenhoffer:1982eg,
author = {Lobenhoffer, H P and Zink, R A and Brendel, W},
title = {{High Altitude Pulmonary Edema: Analysis of 166 Cases}},
booktitle = {Topics in Environmental Physiology and Medicine},
year = {1982},
editor = {Brendel, Walter and Zink, RomanA},
pages = {219--231},
publisher = {Springer New York}
}

@article{Schoene:1988tz,
author = {Schoene, R B and Swenson, E R and Pizzo, C J and Hackett, P H and Roach, R C and Mills, W J and Henderson, W R and Martin, T R},
title = {{The lung at high altitude: bronchoalveolar lavage in acute mountain sickness and pulmonary edema.}},
journal = {J. Appl. Physiol.},
year = {1988},
volume = {64},
number = {6},
pages = {2605--2613},
month = jun
}

@article{Richalet:1995wg,
author = {Richalet, J P},
title = {{High altitude pulmonary oedema: still a place for controversy?}},
journal = {Thorax},
year = {1995},
volume = {50},
number = {9},
pages = {923--929},
month = sep,
annote = {Not useful. No mention of PDE5 inhibitors.}
}

@article{MENON:1965gk,
author = {Menon, N D},
title = {{High-Altitude Pulmonary Edema: A Clinical Study}},
journal = {N Engl J Med},
year = {1965},
volume = {273},
pages = {66--73},
month = jul,
annote = {Paper describing sx of HAPE}
}

@article{Hsu:2006ev,
author = {Hsu, Andrew R and Barnholt, Kimberly E and Grundmann, Nicolas K and Lin, Joseph H and McCallum, Stewart W and Friedlander, Anne L},
title = {{Sildenafil improves cardiac output and exercise performance during acute hypoxia, but not normoxia.}},
journal = {J. Appl. Physiol.},
year = {2006},
volume = {100},
number = {6},
pages = {2031--2040},
month = jun
}

@article{Sandberg:2011gq,
author = {Sandberg, Claire and Naylor, J},
title = {{Respiratory Physiology at Altitude}},
journal = {J R Army Med Corps},
year = {2011},
volume = {157},
number = {1},
pages = {29--32},
month = jan,
annote = {Not useful.}
}

@article{Hall:2011kk,
author = {Hall, D P and Duncan, K and Baillie, J Kenneth},
title = {{High Altitude Pulmonary Oedema}},
journal = {J R Army Med Corps},
year = {2011},
volume = {157},
number = {1},
pages = {68--72},
month = jan,
annote = {Another general review. No mention of PDE5 inhibitors.

Useful description of pathophysiology with references.}
}

@article{Bates:2011du,
author = {Bates, Matthew G D and Thompson, A A Roger and Baillie, J Kenneth and Sutherland, Andrew I and Irving, John B and Hirani, Nikhil and Webb, David J},
title = {{Sildenafil Citrate for the Prevention of High Altitude Hypoxic Pulmonary Hypertension: Double Blind, Randomized, Placebo-Controlled Trial}},
journal = {High Altitude Medicine {\&} Biology},
year = {2011},
volume = {12},
number = {3},
pages = {207--214},
month = oct,
annote = {Well conducted trial.
No effect of sildenafil administration on PASP following ascent to 5200 m in healthy individuals.
Moderate numbers (20 vs 42 in each arm).
Analysed via intention to treat.
Meased pulmonary htn, not actual HAPE.

PDE5 appear to exacerbate AMS.}
}

@article{Olfert:2011ji,
author = {Olfert, I Mark and Loeckinger, Alexander and Treml, Benedikt and Faulhaber, Martin and Flatz, Markus and Burtscher, Martin and Truebsbach, Susanne and Kleinsasser, Axel},
title = {{Sildenafil and bosentan improve arterial oxygenation during acute hypoxic exercise: a controlled laboratory trial.}},
journal = {Wilderness Environ Med},
year = {2011},
volume = {22},
number = {3},
pages = {211--221},
month = sep,
annote = {Well conducted lab study, that demonstrates Sildenafil improved PaO2 when exercising in hypoxic conditions by 2-3mmHg.

Not intended to examine HAPE.}
}

@inproceedings{Luks:2010ht,
author = {Luks, Andrew M and McIntosh, Scott E and Grissom, Colin K and Auerbach, Paul S and Rodway, George W and Schoene, Robert B and Zafren, Ken and Hackett, Peter H and {Wilderness Medical Society}},
title = {{Wilderness Medical Society consensus guidelines for the prevention and treatment of acute altitude illness.}},
booktitle = {Wilderness Environ Med},
year = {2010},
pages = {146--155},
organization = {Division of Pulmonary and Critical Care Medicine, University of Washington, Seattle, WA, USA. aluks@u.washington.edu},
month = jun,
annote = {Recent guidelines.

Reports some evidence re PDE5 inhibitors for prophylaxis, but no real evidence for treatment, despite physiological rationale.}
}

@article{Kolluru:2008jv,
author = {Kolluru, Gopi Krishna and Tamilarasan, K P and Rajkumar, Arun Stephen and Geetha Priya, S and Rajaram, Megha and Saleem, Niyas K and Majumder, Syamantak and Jaffar Ali, B M and Illavazagan, G and Chatterjee, Suvro},
title = {{Nitric oxide/cGMP protects endothelial cells from hypoxia-mediated leakiness.}},
journal = {European Journal of Cell Biology},
year = {2008},
volume = {87},
number = {3},
pages = {147--161},
month = mar,
annote = {Suggests that PDE5 inhibitors could play another role in prophylaxis of HAPE, instead of just being involved in moderating the HPVR.

In vitro study only, using a model.}
}

@article{Kleinsasser:2002bn,
author = {Kleinsasser, A and Loeckinger, A},
title = {{Are sildenafil and theophylline effective in the prevention of high-altitude pulmonary edema?}},
journal = {Medical Hypotheses},
year = {2002},
volume = {59},
number = {2},
pages = {223--225},
month = aug,
annote = {Not very useful.}
}

@incollection{Hackett:2012jm,
author = {Hackett, Peter H and Roach, Robert C},
title = {{High-Altitude Medicine and Physiology}},
booktitle = {Wilderness Medicine},
year = {2012},
pages = {2--e11},
publisher = {Elsevier Inc.}
}

@article{HOUSTON:1960gz,
author = {Houston, C S},
title = {{Acute pulmonary edema of high altitude.}},
journal = {N Engl J Med},
year = {1960},
volume = {263},
pages = {478--480},
month = sep,
annote = {Original paper describing HAPE}
}

@article{Richalet:2005el,
author = {Richalet, Jean-Paul and Gratadour, Pierre and Robach, Paul and Pham, Isabelle and D{\'e}chaux, Mich{\`e}le and Joncquiert-Latarjet, Aude and Mollard, Pascal and Brugniaux, Julien and Cornolo, J{\'e}r{\'e}my},
title = {{Sildenafil inhibits altitude-induced hypoxemia and pulmonary hypertension.}},
journal = {Am. J. Respir. Crit. Care Med.},
year = {2005},
volume = {171},
number = {3},
pages = {275--281},
month = feb
}

@article{Bernheim:2007iv,
author = {Bernheim, Alain M and Kiencke, Stephanie and Fischler, Manuel and Dorschner, Lorenz and Debrunner, Johann and Mairb{\"a}url, Heimo and Maggiorini, Marco and Brunner-La Rocca, Hans-Peter},
title = {{Acute changes in pulmonary artery pressures due to exercise and exposure to high altitude do not cause left ventricular diastolic dysfunction.}},
journal = {Chest},
year = {2007},
volume = {132},
number = {2},
pages = {380--387},
month = aug
}

@article{Faoro:2007ji,
author = {Faoro, Vitalie and Lamotte, Michel and Deboeck, Gael and Pavelescu, Adriana and Huez, Sandrine and Guenard, Herv{\'e} and Martinot, Jean-Beno{\^\i}t and Naeije, Robert},
title = {{Effects of sildenafil on exercise capacity in hypoxic normal subjects.}},
journal = {High Altitude Medicine {\&} Biology},
year = {2007},
volume = {8},
number = {2},
pages = {155--163}
}

@article{MD:2008dz,
author = {MD, Joshua O Stream and MD, Colin K Grissom},
title = {{Update on High-Altitude Pulmonary Edema: Pathogenesis, Prevention, and Treatment}},
journal = {Wilderness   Environmental Medicine},
year = {2008},
volume = {19},
number = {4},
pages = {293--303},
month = dec,
annote = {Current review of HAPE}
}

@article{Archer:2009cx,
author = {Archer, Stephen L and Michelakis, Evangelos D},
title = {{Phosphodiesterase type 5 inhibitors for pulmonary arterial hypertension.}},
journal = {N Engl J Med},
year = {2009},
volume = {361},
number = {19},
pages = {1864--1871},
month = nov,
annote = {Really useful references for establishing pathway for PDE5 inhibition.}
}

@article{Fred:1962hy,
author = {Fred, H L and Schmidt, A M and Bates, T and Hecht, H H},
title = {{Acute Pulmonary Edema of Altitude: Clinical and Physiologic Observations}},
journal = {Circulation},
year = {1962},
volume = {25},
number = {6},
pages = {929--937},
month = jun
}

@article{Roy:1969tt,
author = {Roy, S B and Guleria, J S and Khanna, P K and Manchanda, S C and Pande, J N and Subba, P S},
title = {{Haemodynamic studies in high altitude pulmonary oedema.}},
journal = {British Heart Journal},
year = {1969},
volume = {31},
number = {1},
pages = {52},
month = jan
}

@article{SINGH:1965wa,
author = {Singh, I and Kapila, C C and Khanna, P K and Nanda, R B and Rao, B D},
title = {{High-Altitude Pulmonary Oedema}},
journal = {Lancet},
year = {1965},
volume = {1},
number = {7379},
pages = {229--234},
month = jan,
annote = {Paper describing sx of HAPE}
}

@article{Cremona:2002ts,
author = {Cremona, George and Asnaghi, Roberto and Baderna, Paolo and Brunetto, Alessandro and Brutsaert, Tom and Cavallaro, Carmelo and Clark, Timothy M and Cogo, Annalisa and Donis, Roberto and Lanfranchi, Paola and Luks, Andrew and Novello, Nadia and Panzetta, Stefano and Perini, Liliana and Putnam, Marci and Spagnolatti, Liliana and Wagner, Harrieth and Wagner, Peter D},
title = {{Pulmonary extravascular fluid accumulation in recreational climbers: a prospective study.}},
journal = {Lancet},
year = {2002},
volume = {359},
number = {9303},
pages = {303--309},
month = jan,
annote = {Likely overeggs problem. Extravascular fluid does not indicate abnormal physiology.}
}

@article{Maggiorini:2001vq,
author = {Maggiorini, M and M{\'e}lot, C and Pierre, S and Pfeiffer, F and Greve, I and Sartori, C and Lepori, M and Hauser, M and Scherrer, U and Naeije, R},
title = {{High-altitude pulmonary edema is initially caused by an increase in capillary pressure.}},
journal = {Circulation},
year = {2001},
volume = {103},
number = {16},
pages = {2078--2083},
month = apr
}

@article{Bartsch:2002cg,
author = {B{\"a}rtsch, Peter and Maggiorini, Marco and Mairb{\"a}url, Heimo and Vock, Peter and Swenson, Erik R},
title = {{Pulmonary extravascular fluid accumulation in climbers.}},
journal = {Lancet},
year = {2002},
volume = {360},
number = {9332},
pages = {571--author reply 571--2},
month = aug,
annote = {Response to prev article, emphasising that it may not be an issue.

Also provides up to date figures on incidence.}
}

@article{Jin:2010fc,
author = {Jin, Bo and Luo, Xin-Ping and Ni, Huan-Chun and Shi, Hai-Ming},
title = {{Phosphodiesterase Type 5 Inhibitors for High-Altitude Pulmonary Hypertension}},
journal = {Clinical Drug Investigation},
year = {2010},
volume = {30},
number = {4},
pages = {259--265},
month = apr
}

@article{Fagenholz:2007cm,
author = {Fagenholz, Peter J and Gutman, Jonathan A and Murray, Alice F and Harris, N Stuart},
title = {{Treatment of High Altitude Pulmonary Edema at 4240 m in Nepal}},
journal = {High Altitude Medicine {\&} Biology},
year = {2007},
volume = {8},
number = {2},
pages = {139--146},
month = jun,
annote = {Anecdotal report of sildenafil for treatment of HAPE.}
}

@article{Fagenholz:2007ep,
author = {Fagenholz, Peter J and Gutman, Jonathan A and Murray, Alice F and Harris, N Stuart},
title = {{Treatment of high altitude pulmonary edema at 4240 m in Nepal.}},
journal = {High Altitude Medicine {\&} Biology},
year = {2007},
volume = {8},
number = {2},
pages = {139--146},
annote = {Anecdotal report of using Sildenafil to treat HAPE.}
}

@article{Zhao:2001kj,
author = {Zhao, L and Mason, N A and Morrell, N W and Kojonazarov, B and Sadykov, A and Maripov, A and Mirrakhimov, M M and Aldashev, A and Wilkins, M R},
title = {{Sildenafil inhibits hypoxia-induced pulmonary hypertension.}},
journal = {Circulation},
year = {2001},
volume = {104},
number = {4},
pages = {424--428},
month = jul
}

@inproceedings{NationalPulmonaryHypertensionCentresoftheUKandIreland:2008jh,
author = {{National Pulmonary Hypertension Centres of the UK and Ireland}},
title = {{Consensus statement on the management of pulmonary hypertension in clinical practice in the UK and Ireland.}},
booktitle = {Thorax},
year = {2008},
pages = {ii1--ii41},
organization = {National Pulmonary Hypertension Service, Department of Cardiology, Hammersmith Hospital, Du Cane Road, London W12 0HS, UK.},
month = mar,
annote = {Demonstrates that Sildenafil improves functional outcome compared to placebo in 'normal' pulmonary hypertension.}
}

@article{West:1991vc,
author = {West, J B and Tsukimoto, K and Mathieu-Costello, O and Prediletto, R},
title = {{Stress failure in pulmonary capillaries.}},
journal = {J. Appl. Physiol.},
year = {1991},
volume = {70},
number = {4},
pages = {1731--1742},
month = apr
}

@article{Reichenberger:2007bw,
author = {Reichenberger, Frank and Kohstall, Markus G and Seeger, Timon and Olschewski, Horst and Grimminger, Friedrich and Seeger, Werner and Ghofrani, Hossein A},
title = {{Effect of sildenafil on hypoxia-induced changes in pulmonary circulation and right ventricular function.}},
journal = {Respir Physiol Neurobiol},
year = {2007},
volume = {159},
number = {2},
pages = {196--201},
month = nov
}

@article{Aldashev:2005fr,
author = {Aldashev, A A},
title = {{Phosphodiesterase type 5 and high altitude pulmonary hypertension}},
journal = {Thorax},
year = {2005},
volume = {60},
number = {8},
pages = {683--687},
month = aug
}

@article{Ghofrani:2004gp,
author = {Ghofrani, Hossein A and Reichenberger, Frank and Kohstall, Markus G and Mrosek, Eike H and Seeger, Timon and Olschewski, Horst and Seeger, Werner and Grimminger, Friedrich},
title = {{Sildenafil increased exercise capacity during hypoxia at low altitudes and at Mount Everest base camp: a randomized, double-blind, placebo-controlled crossover trial.}},
journal = {Ann. Intern. Med.},
year = {2004},
volume = {141},
number = {3},
pages = {169--177},
month = aug
}

@article{Kjaergaard:2007hp,
author = {Kjaergaard, Jesper and Snyder, Eric M and Hassager, Christian and Olson, Thomas P and Oh, Jae K and Johnson, Bruce D and Frantz, Robert P},
title = {{Right ventricular function with hypoxic exercise: effects of sildenafil.}},
journal = {European journal of applied physiology},
year = {2007},
volume = {102},
number = {1},
pages = {87--95},
month = dec
}

@article{Snyder:2008hn,
author = {Snyder, Eric M and Olson, Thomas P and Johnson, Bruce D and Frantz, Robert P},
title = {{Influence of sildenafil on lung diffusion during exposure to acute hypoxia at rest and during exercise in healthy humans.}},
journal = {European journal of applied physiology},
year = {2008},
volume = {103},
number = {4},
pages = {421--430},
month = jul
}

@article{Bartsch:2013ia,
author = {B{\"a}rtsch, Peter and Swenson, Erik R},
title = {{Clinical practice: Acute high-altitude illnesses.}},
journal = {N Engl J Med},
year = {2013},
volume = {368},
number = {24},
pages = {2294--2302},
month = jun,
annote = {Useful overview to steal references from}
}

@article{Leshem:2012jq,
author = {Leshem, Eyal and Caine, Yehezkel and Rosenberg, Elliot and Maaravi, Yoram and Hermesh, Hagai and Schwartz, Eli},
title = {{Tadalafil and Acetazolamide Versus Acetazolamide for the Prevention of Severe High-Altitude Illness}},
journal = {J Travel Med},
year = {2012},
volume = {19},
number = {5},
pages = {308--310},
month = jul,
annote = {Technically insignificant p-value on HAPE finding.
Open-label.
HAPE diagnosed on 1991 International Hypoxia Symposium criteria:
In the setting of a recent gain in altitude, the presence of the following:

 
<b>Symptoms:</b> at least two of:
 
 
- dyspnea at rest
- cough
- weakness or decreased exercise performance
- chest tightness or congestion
 
<b>Signs:</b> at least two of:
 
 
- crackles or wheezing in at least one lung field
- central cyanosis
- tachypnea
- tachycardia

which relies on some self-reporting, and therefore bias.}
}

@article{Fischler:2009ce,
author = {Fischler, Manuel and Maggiorini, Marco and Dorschner, Lorenz and Debrunner, Johann and Bernheim, Alain and Kiencke, Stephanie and Mairb{\"a}url, Heimo and Bloch, Konrad E and Naeije, Robert and Brunner-La Rocca, Hans-Peter},
title = {{Dexamethasone but not tadalafil improves exercise capacity in adults prone to high-altitude pulmonary edema.}},
journal = {Am. J. Respir. Crit. Care Med.},
year = {2009},
volume = {180},
number = {4},
pages = {346--352},
month = aug,
annote = {Only investigated HAPE-susceptible people.

Is looking at exercise capacity (Watts on bike) rather than anything else.}
}

@article{SophieLalande:2009cy,
author = {Sophie Lalande, Eric M Snyder Thomas P Olson Minelle L Hulsebus Marek Orban Virend K Somers Bruce D Johnson Robert P Frantz},
title = {{The effects of sildenafil and acetazolamide on breathing efficiency and ventilatory control during hypoxic exercise}},
journal = {European journal of applied physiology},
year = {2009},
volume = {106},
number = {4},
pages = {509},
month = jul
}

@article{Jones:2013kv,
author = {Jones, Barbara E and Stokes, Suzy and McKenzie, Suzi and Nilles, Eric and Stoddard, Gregory J},
title = {{Management of high altitude pulmonary edema in the Himalaya: a review of 56 cases presenting at Pheriche medical aid post (4240 m).}},
journal = {Wilderness Environ Med},
year = {2013},
volume = {24},
number = {1},
pages = {32--36},
month = mar,
annote = {Not really that useful. Descriptive only.}
}

